@article{subclu,
  author = "Kailing, K. and Kriegel, H. P. and Kröger, P.",
  year = "2004",
  title = "Density-Connected Subspace Clustering for High-Dimensional Data",
  journal = "SIAM International Conference on Data Mining",
},

@article{dbscan,
  author = "Ester, M. and Kriegel, H. P. and Sander, J. and Xu, X.",
  year = "1996",
  title = "A Density-Based Algorithm for Discovering Clusters in Large Spatial Databases with Noise",
  journal = "Proceedings of the Second International Conference on Knowledge Discovery and Data Mining (KDD-96)",
},

@article{fasterdbscan,
  author = "Kryszkiewicz, M. and Skonieczny, Ł.",
	year = "2005",
  title = "Faster Clustering with {DBSCAN}",
	journal = "Proceedings of the International IIS: IIPWM’05 Conference",
},

@article {tidbscan,
  author = "Kryszkiewicz, M. and Lasek, P.",
  year = "2010",
  title = "{TI-DBSCAN}: Clustering with {DBSCAN} by Means of the Triangle Inequality",
  journal = "The Seventh International Conference on Rough Sets and Current Trends in Computing (RSCTC 2010)",
},

@inbook {binaryboundarysearch,
  author = "Skiena, S. S.",
  year = "2008",
  title = "The Algorithm Design Manual, Second Edition",
  publisher = "Springer",
	pages = "133",
},

@article {tivsp,
  author = "Kryszkiewicz, M.",
  year = "2012",
  title = "The Triangle Inequality versus Projection onto a Dimension in Determining Cosine Similarity Neighborhoods of Non-Negative Vectors",
},

@article {pickfromsphere,
  author = "Muller, M. E.",
  year = "1959",
  title = "A Note on a Method for Generating Points Uniformly on N-Dimensional Spheres",
	journal = "Communications of the ACM"
},

@inbook {connectedComponentsBfs,
  author = "Skiena, S. S.",
  year = "2008",
  title = "The Algorithm Design Manual, Second Edition",
  publisher = "Springer",
	pages = "162, 166-167",
},